@BOOK{Hug2018,
   AUTHOR = {Hugos, M. H},
   YEAR = {2018},
   TITLE = {Essentials of supply chain management},
   EDITION = {4th},
   ADDRESS = {Hoboken, New Jersey },
   PUBLISHER = {John Wiley & Sons, Inc.}   }
   
@inproceedings{Baliga2017UnderstandingBC,
  title={Understanding Blockchain Consensus Models},
  author={Arati Baliga},
  year={2017}
}
@misc{nakamoto2012bitcoin,
  added-at = {2014-04-17T08:33:06.000+0200},
  author = {Nakamoto, Satoshi},
  biburl = {https://www.bibsonomy.org/bibtex/23db66df0fc9fa2b5033f096a901f1c36/ngnn},
  interhash = {423c2cdff70ba0cd0bca55ebb164d770},
  intrahash = {3db66df0fc9fa2b5033f096a901f1c36},
  keywords = {imported},
  timestamp = {2014-04-17T08:33:06.000+0200},
  title = {Bitcoin: A peer-to-peer electronic cash system},
  url = {http://www.bitcoin.org/bitcoin.pdf},
  year = 2009
}
@book{buterin2014ethereum,
  author = {Vitalik Buterin},
  title = {Ethereum: {A} next-generation smart contract and decentralized application platform},
  url = {https://github.com/ethereum/wiki/wiki/White-Paper},
  year = {2014},
}

@ARTICLE{SCIOT,
  author={K. {Christidis} and M. {Devetsikiotis}},
  journal={IEEE Access}, 
  title={Blockchains and Smart Contracts for the Internet of Things}, 
  year={2016},
  volume={4},
  number={},
  pages={2292-2303},}

@misc{Linux2018Intro,
    author= {The Linux Foundation},
    title = {An Introduction to Hyperledger},
    url = {https://www.hyperledger.org/wp-content/uploads/2018/08/HL_Whitepaper_IntroductiontoHyperledger.pdf},
    year = {2018},

}

@misc{Linux2018Metrics,
    author= {The Linux Foundation},
    title = {Hyperledger Blockchain Performance Metrics},
    url = {https://www.hyperledger.org/learn/publications/blockchain-performance-metrics},
    year = {2018},
}

@INPROCEEDINGS{ManagingIOTbc,
  author={S. {Huh} and S. {Cho} and S. {Kim}},
  booktitle={2017 19th International Conference on Advanced Communication Technology (ICACT)}, 
  title={Managing IoT devices using blockchain platform}, 
  year={2017},
  volume={},
  number={},
  pages={464-467},
}


@INPROCEEDINGS{BCforIoT,
  author={R. {Han} and V. {Gramoli} and X. {Xu}},
  booktitle={2018 9th IFIP International Conference on New Technologies, Mobility and Security (NTMS)}, 
  title={Evaluating Blockchains for IoT}, 
  year={2018},
  volume={},
  number={},
  pages={1-5},}
  
@misc{Tangle,
    author= {Serguei Popov},
    title = {The Tangle},
    url = {https://assets.ctfassets.net/r1dr6vzfxhev/4i3OM9JTleiE8M6Y04Ii28/d58bc5bb71cebe4adc18fadea1a79037/Tangle_White_Paper_v1.4.2.pdf},
    year = {2018},

}

@INPROCEEDINGS{unfinished,
  author={K. R. {Ozyılmaz} and A. {Yurdakul}},
  booktitle={2017 International Conference on Embedded Software (EMSOFT)}, 
  title={Work-in-progress: integrating low-power IoT devices to a blockchain-based infrastructure}, 
  year={2017},
  volume={},
  number={},
  pages={1-2},}
  
@INPROCEEDINGS{novel,
  author={N. {Klaokliang} and P. {Teawtim} and P. {Aimtongkham} and C. {So-In} and A. {Niruntasukrat}},
  booktitle={2018 Seventh ICT International Student Project Conference (ICT-ISPC)}, 
  title={A Novel IoT Authorization Architecture on Hyperledger Fabric With Optimal Consensus Using Genetic Algorithm}, 
  year={2018},
  volume={},
  number={},
  pages={1-5},}
  
@inproceedings{edge,
    author = {R. {Casado-Vara}  and F. {De La Prieta} and J. {Prieto} and J. {Corchado Rodríguez}, },
    year = {2018},
    month = {11},
    pages = {19-24},
    title = {Blockchain framework for IoT data quality via edge computing},
    doi = {10.1145/3282278.3282282}
}

@INPROCEEDINGS{smartgrid,
  author={A. {Goranović} and M. {Meisel} and S. {Wilker} and T. {Sauter}},
  booktitle={2019 15th IEEE International Workshop on Factory Communication Systems (WFCS)}, 
  title={Hyperledger Fabric Smart Grid Communication Testbed on Raspberry PI ARM Architecture}, 
  year={2019},
  volume={},
  number={},
  pages={1-4},}
  
@inproceedings{Raspberry,
    author = {Maksimovic, Mirjana and Vujovic, Vladimir and Davidović, Nikola and Milosevic, Vladimir and Perisic, Branko},
    year = {2014},
    pages = {},
    title = {Raspberry Pi as Internet of Things Hardware: Performances and Constraints}
}